@misc{ wiki:IN,
		author = {{Wikipedia}},
		title = "The Internet - wikipedia, the free encyclopedia, 2015",
		year = "2009",
		url = "https://en.wikipedia.org/wiki/Internet",
		}

@misc{ wiki:AA,
		author = {{Wikipedia}},
		title = "Vulnerability of Fiber Optic - wikipedia, the free encyclopedia, 2015",
		year = "2009",
		url = "https://www.certconf.org/presentations/2003/Tues/TG2.pdf",
		}

@article{papageorgiou1990dynamic,
		  title={Dynamic modeling, assignment, and route guidance in traffic networks},
		  author={Papageorgiou, Markos},
		  journal={Transportation Research Part B: Methodological},
		  volume={24},
		  number={6},
		  pages={471--495},
		  year={1990},
		  publisher={Elsevier}
		}

@misc{ wiki:PP,
		author = {{Wikipedia}},
		title = "Path Protection - wikipedia, the free encyclopedia, 2015",
		year = "2009",
		url = "https://en.wikipedia.org/wiki/Path_protection",
		}

@misc{ wiki:TIR,
author = {{Wikipedia}},
title = "Total-internal-reflection - wikipedia, the free encyclopedia, 2015",
year = "2009",
url = "https://en.wikipedia.org/wiki/Total_internal_reflection",
}

@misc{ wiki:SM,
		author = {{Wikipedia}},
		title = "Single Mode Optical fiber - wikipedia, the free encyclopedia, 2015",
		year = "2009",
		url = "https://en.wikipedia.org/wiki/Single-mode_optical_fiber",
		}

@misc{ wiki:MM,
		author = {{Wikipedia}},
		title = "Multi-Mode Optical fiber - wikipedia, the free encyclopedia, 2015",
		year = "2009",
		url = "https://en.wikipedia.org/wiki/Multi-mode_optical_fiber",
		}

@misc{ wiki:CA,
		author = {{Wikipedia}},
		title = "List of cyber attacks - wikipedia, the free encyclopedia, 2015",
		year = "2009",
		url = "https://en.wikipedia.org/wiki/List_of_cyberattacks",
		}	



@article{furdek2011physical,
  title={Physical-layer attacks in optical WDM networks and attack-aware network planning},
  author={Furdek, Marija},
  journal={European Journal of Operational Research},
  volume={178},
  number={2},
  pages={1160--1167},
  year={2011}
}

@misc{ wiki:AD,
		author = {{Wikipedia}},
		title = "Add- drop multiplexer - wikipedia, the free encyclopedia, 2015",
		year = "2009",
		url = "https://en.wikipedia.org/wiki/Optical_add-drop_multiplexer",
		}



@misc{ wiki:WDM,
		author = {{Wikipedia}},
		title = "Wavelength division multiplexing - wikipedia, the free encyclopedia, 2015",
		year = "2009",
		url = "https://en.wikipedia.org/wiki/Wavelength-division_multiplexing",
		}
		
@article{skorin2010new,
  title={A new approach to optical networks security: Attack-aware routing and wavelength assignment},
  author={Skorin-Kapov, Nina and Chen, Jiajia and Wosinska, Lena},
  journal={IEEE/ACM Transactions on Networking (TON)},
  volume={18},
  number={3},
  pages={750--760},
  year={2010},
  publisher={IEEE Press}
}


@phdthesis{el2015attack,
  title={Attack-aware routing and wavelength assignment for dynamic traffic in WDM networks},
  author={El Soury, Marcel},
  year={2015},
  school={University of Windsor (Canada)}
}


@article{furdek2016attack,
  title={Attack-aware dedicated path protection in optical networks},
  author={Furdek, Marija and Skorin-Kapov, Nina and Wosinska, Lena},
  journal={Journal of Lightwave Technology},
  volume={34},
  number={4},
  pages={1050--1061},
  year={2016},
  publisher={IEEE}
}


@inproceedings{furdek2013attack,
  title={Attack-survivable routing and wavelength assignment for high-power jamming},
  author={Furdek, Marija and Skorin-Kapov, Nina},
  booktitle={Optical Network Design and Modeling (ONDM), 2013 17th International Conference on},
  pages={70--75},
  year={2013},
  organization={IEEE}
}



@inproceedings{furdek2014shared,
  title={Shared path protection under the risk of high-power jamming},
  author={Furdek, Marija and Skorin-Kapov, Nina and Wosinska, Lena},
  booktitle={Networks and Optical Communications-(NOC), 2014 19th European Conference on},
  pages={23--28},
  year={2014},
  organization={IEEE}
}

@inproceedings{furdek2011compound,
  title={Compound attack-aware routing and wavelength assignment against power jamming},
  author={Furdek, Marija and Chen, Jiajia and Skorin-Kapov, Nina and Wosinska, Lena},
  booktitle={Communications and Photonics Conference and Exhibition, 2011. ACP. Asia},
  pages={1--3},
  year={2011},
  organization={IEEE}
}

@article{skorin2010new,
  title={A new approach to optical networks security: Attack-aware routing and wavelength assignment},
  author={Skorin-Kapov, Nina and Chen, Jiajia and Wosinska, Lena},
  journal={IEEE/ACM Transactions on Networking (TON)},
  volume={18},
  number={3},
  pages={750--760},
  year={2010},
  publisher={IEEE Press}
}

@article{furdek2011physical,
  title={Physical-layer attacks in optical WDM networks and attack-aware network planning},
  author={Furdek, Marija},
  journal={European Journal of Operational Research},
  volume={178},
  number={2},
  pages={1160--1167},
  year={2011}
}

@article{tripathi2007reduction,
  title={Reduction of crosstalk in wavelength division multiplexed fiber optic communication systems},
  author={Tripathi, Ragini and Gangwar, Ramgopal and Singh, Nar},
  journal={Progress In Electromagnetics Research},
  volume={77},
  pages={367--378},
  year={2007},
  publisher={EMW Publishing}
}

@phdthesis{zhao2016attack,
  title={Attack-Aware Routing and Wavelength Assignment of Scheduled Lightpath Demands},
  author={Zhao, Hongbo},
  year={2016},
  school={University of Windsor (Canada)}
}

@phdthesis{el2015attack,
  title={Attack-aware routing and wavelength assignment for dynamic traffic in WDM networks},
  author={El Soury, Marcel},
  year={2015},
  school={University of Windsor (Canada)}
}

@article{skorin2010new,
  title={A new approach to optical networks security: Attack-aware routing and wavelength assignment},
  author={Skorin-Kapov, Nina and Chen, Jiajia and Wosinska, Lena},
  journal={IEEE/ACM Transactions on Networking (TON)},
  volume={18},
  number={3},
  pages={750--760},
  year={2010},
  publisher={IEEE Press}
}

@inproceedings{wang2002partial,
  title={Partial path protection for WDM networks: End-to-end recovery using local failure information},
  author={Wang, Hungjen and Modiano, Eytan and M{\'e}dard, Muriel},
  booktitle={Computers and Communications, 2002. Proceedings. ISCC 2002. Seventh International Symposium on},
  pages={719--725},
  year={2002},
  organization={IEEE}
}

@book{ramaswami2009optical,
  title={Optical networks: a practical perspective},
  author={Ramaswami, Rajiv and Sivarajan, Kumar and Sasaki, Galen},
  year={2009},
  publisher={Morgan Kaufmann}
}

@incollection{furdek2012physical,
  title={Physical-layer attacks in transparent optical networks},
  author={Furdek, Marija and Skorin-Kapov, Nina},
  booktitle={Optical Communications Systems},
  year={2012},
  publisher={InTech}
}

@article{zang2000review,
  title={A review of routing and wavelength assignment approaches for wavelength-routed optical WDM networks},
  author={Zang, Hui and Jue, Jason P and Mukherjee, Biswanath and others},
  journal={Optical networks magazine},
  volume={1},
  number={1},
  pages={47--60},
  year={2000}
}

@article{chu2005dynamic,
  title={Dynamic routing and wavelength assignment in the presence of wavelength conversion for all-optical networks},
  author={Chu, Xiaowen and Li, Bo},
  journal={IEEE/ACM Transactions on Networking (TON)},
  volume={13},
  number={3},
  pages={704--715},
  year={2005},
  publisher={IEEE Press}
}

@book{mukherjee2006optical,
  title={Optical WDM networks},
  author={Mukherjee, Biswanath},
  year={2006},
  publisher={Springer Science \& Business Media}
}

@article{anand2001static,
  title={Static versus dynamic establishment of protection paths in WDM networks},
  author={Anand, Vishal and Qiao, Chunming},
  journal={Journal of High Speed Networks},
  volume={10},
  number={4},
  pages={317--327},
  year={2001},
  publisher={IOS Press}
}

@article{dutta2002traffic,
  title={Traffic grooming in WDM networks: Past and future},
  author={Dutta, Rudra and Rouskas, George N},
  journal={Ieee Network},
  volume={16},
  number={6},
  pages={46--56},
  year={2002},
  publisher={IEEE}
}

@article{tripathi2007reduction,
  title={Reduction of crosstalk in wavelength division multiplexed fiber optic communication systems},
  author={Tripathi, Ragini and Gangwar, Ramgopal and Singh, Nar},
  journal={Progress In Electromagnetics Research},
  volume={77},
  pages={367--378},
  year={2007},
  publisher={EMW Publishing}
}

@inproceedings{nizampatnam2017minimizing,
  title={Minimizing attack radius of scheduled connections in WDM networks},
  author={Nizampatnam, Meenakshi and Al Mamoori, Saja and Jaekel, Arunita},
  booktitle={Electrical and Computer Engineering (CCECE), 2017 IEEE 30th Canadian Conference on},
  pages={1--4},
  year={2017},
  organization={IEEE}
}

@inproceedings{das2017dynamic,
  title={Dynamic provisioning of fault tolerant optical networks for data centers},
  author={Das, Ruchisree and Bandyopadhyay, Subir and Al Mamoori, Saja and Jaekel, Arunita},
  booktitle={Electrical and Computer Engineering (CCECE), 2017 IEEE 30th Canadian Conference on},
  pages={1--4},
  year={2017},
  organization={IEEE}
}

@inproceedings{sen2003preemptive,
  title={On a preemptive multi-class routing scheme with protection paths for WDM networks},
  author={Sen, Arunabha and Shen, Bao Hong and Hao, Bin and Jayakumar, Harishkumar and Bandyopadhyay, Subir},
  booktitle={Communications, 2003. ICC'03. IEEE International Conference on},
  volume={2},
  pages={1417--1422},
  year={2003},
  organization={IEEE}
}

	